@article{jalalimanesh,
author = {Jalalimanesh, Ammar and Shahabi Haghighi, Hamidreza and Ahmadi, Abbas and Soltani, Madjid},
year = {2016},
month = {06},
pages = {},
title = {Simulation-based optimization of radiotherapy: Agent-based modeling and reinforcement learning},
journal = {Mathematics and Computers in Simulation},
doi = {10.1016/j.matcom.2016.05.008}
}

@mastersthesis{oneil,
  author       = {Nicole O'Neil}, 
  title        = {An Agent Based Model of Tumor Growth and
Response to Radiotherapy},
  school       = {Virginia Commonwealth University},
  year         = 2012,
  address      = {Richmond, Virginia},
  month        = 05
}

@misc{deer,
title={DeeR},
author={Fran\c{c}ois-Lavet, Vincent and others},
year={2016},
howpublished={\url{https://deer.readthedocs.io/}},
}